<record><leader>00000cas a22000007a 4500</leader><controlfield tag="001">11434335</controlfield><controlfield tag="008">841129c19839999okuwr ne      0   a0eng d</controlfield><datafield ind1=" " ind2=" " tag="010"><subfield code="a">sn 84001983 </subfield></datafield><datafield ind1=" " ind2=" " tag="040"><subfield code="a">NSD</subfield><subfield code="b">eng</subfield><subfield code="c">NSD</subfield><subfield code="d">OBN</subfield><subfield code="d">OCLCQ</subfield><subfield code="d">OCLCF</subfield><subfield code="d">OCLCO</subfield></datafield><datafield ind1="1" ind2=" " tag="022"><subfield code="a">8750-4936</subfield><subfield code="l">8750-4936</subfield><subfield code="2">1</subfield></datafield><datafield ind1="1" ind2=" " tag="029"><subfield code="a">AU@</subfield><subfield code="b">000020343817</subfield></datafield><datafield ind1=" " ind2=" " tag="037"><subfield code="b">Lone Grove Pub. Co., Heritage Center, Hwy. 70 and Buck Lane, Lone Grove, OK 73443</subfield></datafield><datafield ind1=" " ind2=" " tag="042"><subfield code="a">nsdp</subfield></datafield><datafield ind1=" " ind2="4" tag="222"><subfield code="a">The Lone Grove ledger</subfield></datafield><datafield ind1="0" ind2="4" tag="245"><subfield code="a">The Lone Grove ledger.</subfield></datafield><datafield ind1="3" ind2="0" tag="246"><subfield code="a">Ledger</subfield></datafield><datafield ind1=" " ind2=" " tag="260"><subfield code="a">Lone Grove, Okla. :</subfield><subfield code="b">Lone Grove Pub. Co.</subfield></datafield><datafield ind1=" " ind2=" " tag="310"><subfield code="a">Weekly</subfield></datafield><datafield ind1="0" ind2=" " tag="362"><subfield code="a">Jan. 5, 1983-</subfield></datafield><datafield ind1=" " ind2="0" tag="651"><subfield code="a">Lone Grove (Okla.)</subfield><subfield code="v">Newspapers.</subfield></datafield><datafield ind1=" " ind2="0" tag="651"><subfield code="a">Carter County (Okla.)</subfield><subfield code="v">Newspapers.</subfield></datafield><datafield ind1=" " ind2="7" tag="655"><subfield code="a">Newspapers.</subfield><subfield code="2">fast</subfield><subfield code="0">(OCoLC)fst01423814</subfield></datafield><datafield ind1=" " ind2="7" tag="651"><subfield code="a">Oklahoma</subfield><subfield code="z">Carter County.</subfield><subfield code="2">fast</subfield><subfield code="0">(OCoLC)fst01216114</subfield></datafield><datafield ind1=" " ind2="7" tag="651"><subfield code="a">Oklahoma</subfield><subfield code="z">Lone Grove.</subfield><subfield code="2">fast</subfield><subfield code="0">(OCoLC)fst01302429</subfield></datafield><datafield ind1=" " ind2=" " tag="752"><subfield code="a">United States</subfield><subfield code="b">Oklahoma</subfield><subfield code="c">Carter</subfield><subfield code="d">Lone Grove.</subfield></datafield><datafield ind1=" " ind2=" " tag="936"><subfield code="a">Oct. 17, 1984</subfield></datafield></record>